@misc{wikiRSA,
  author = {Wikipedia},
  title = {RSA (cryptosystem)},
  year = 2019,
  url = {https://en.wikipedia.org/wiki/RSA_(cryptosystem)},
  urldate = {2019-07-14}
}
@COMMENT Example Sources

@book{PFH1E,
    author = {Lode, Clemens},
    title = {Philosophy for Heroes: Knowledge},
    keywords = {recommendedEN},
    isbn = {978-39-4558-621-1},
    publisher = {Clemens Lode Verlag e.K.},
    year = {2016},
    type = {Book},
    subjects = {Philosophy; Linguistics}
}

@book{PFH2E,
    author = {Lode, Clemens},
    title = {Philosophy for Heroes: Continuum},
    isbn = {978-39-4558-622-8},
    publisher = {Clemens Lode Verlag e.K.},
    year = {2017},
    type = {Book},
    subjects = {Philosophy; Science; Evolution; Physics}
}

@inproceedings {cloud_covert_channel_usenix12,
    author = {Zhenyu Wu and Zhang Xu and Haining Wang},
    title = {Whispers in the Hyper-space: High-speed Covert Channel Attacks in the Cloud},
    booktitle = {Presented as part of the 21st {USENIX} Security Symposium ({USENIX} Security 12)},
    year = {2012},
    isbn = {978-931971-95-9},
    address = {Bellevue, WA},
    pages = {159--173},
    url = {https://www.usenix.org/conference/usenixsecurity12/technical-sessions/presentation/wu},
    publisher = {{USENIX}},
}

@inproceedings{Identifying_Webpages,
  author    = {Shane S. Clark and
               Hossen A. Mustafa and
               Benjamin Ransford and
               Jacob Sorber and
               Kevin Fu and
               Wenyuan Xu},
  editor    = {Jason Crampton and
               Sushil Jajodia and
               Keith Mayes},
  title     = {Current Events: Identifying Webpages by Tapping the Electrical Outlet},
  booktitle = {Computer Security - {ESORICS} 2013 - 18th European Symposium on Research
               in Computer Security, Egham, UK, September 9-13, 2013. Proceedings},
  series    = {Lecture Notes in Computer Science},
  volume    = {8134},
  pages     = {700--717},
  publisher = {Springer},
  year      = {2013},
  url       = {https://doi.org/10.1007/978-3-642-40203-6\_39},
  doi       = {10.1007/978-3-642-40203-6\_39},
  timestamp = {Wed, 25 Sep 2019 18:03:15 +0200},
  biburl    = {https://dblp.org/rec/conf/esorics/ClarkMRSFX13.bib},
  bibsource = {dblp computer science bibliography, https://dblp.org}
}

@article{Power_Analysis_Hasindu,
  author    = {Hasindu Gamaarachchi and
               Harsha Ganegoda},
  title     = {Power Analysis Based Side Channel Attack},
  journal   = {CoRR},
  volume    = {abs/1801.00932},
  year      = {2018},
  url       = {http://arxiv.org/abs/1801.00932},
  archivePrefix = {arXiv},
  eprint    = {1801.00932},
  timestamp = {Mon, 13 Aug 2018 16:48:39 +0200},
  biburl    = {https://dblp.org/rec/journals/corr/abs-1801-00932.bib},
  bibsource = {dblp computer science bibliography, https://dblp.org}
}

@article{lo2017power,
  title={Power analysis attacks on the AES-128 S-box using differential power analysis (DPA) and correlation power analysis (CPA)},
  author={Lo, Owen and Buchanan, William J and Carson, Douglas},
  journal={Journal of Cyber Security Technology},
  volume={1},
  number={2},
  pages={88--107},
  year={2017},
  publisher={Taylor \& Francis}
}

@article{jude_differential_Power_analysis,
  title={Differential Power Analysis in AES: A Crypto Anatomy},
  author={Jude, Ambrose},
  journal={International Journal of Engineering},
  volume={2},
  number={3},
  pages={118--130}
}

@book{katz1996handbook,
  title={Handbook of applied cryptography},
  author={Katz, Jonathan and Menezes, Alfred J and Van Oorschot, Paul C and Vanstone, Scott A},
  year={1996},
  publisher={CRC press}
}

@book{dingyi1996chinese,
  title={Chinese remainder theorem: applications in computing, coding, cryptography},
  author={Dingyi, Pei and Arto, Salomaa and Cunsheng, Ding},
  year={1996},
  publisher={World Scientific}
}

@book{PFH3E,
    author = {Lode, Clemens},
    title = {Philosophy for Heroes: Act},
    keywords = {recommendedEN},
    isbn = {978-39-4558-623-5},
    publisher = {Clemens Lode Verlag e.K.},
    year = {2018},
    type = {Book},
    subjects = {Philosophy; Ethics; Psychology}
}

@book{PFH4E,
    author = {Lode, Clemens},
    title = {Philosophy for Heroes: Epos},
    keywords = {recommendedEN},
    isbn = {978-39-4558-624-2},
    publisher = {Clemens Lode Verlag e.K.},
    year = {2019},
    type = {Book},
    subjects = {Philosophy; Heroism; Religion}
}

@book{kanban-remastered,
    author = {Lode, Clemens},
    title = {Kanban Remastered: Agile Lessons from Strategy Games},
    asin = {B06ZZLF815},
    publisher = {Clemens Lode Verlag e.K.},
    keywords = {recommendedEN},
    year = {2017},
    type = {Book},
    subjects = {Kanban; Agile; Management; Operations Research}
}

@book{scrum-your-jira,
    author = {Lode, Clemens},
    title = {Scrum Your Jira! Your Waterfall Organization Transformed Into Agile Multidisciplinary Teams},
    isbn = {978-3945586655},
    publisher = {Clemens Lode Verlag e.K.},
    year = {2017},
    keywords = {recommendedEN},
    type = {Book},
    subjects = {Scrum; Agile; Management; Operations Research}
}



@BOOK{ifyouwanttowrite,
    author = {Ueland, Brenda},
    title = {If You Want to Write: A Book about Art, Independence and Spirit},
    isbn = {978-80-8783-058-1},
    year = {2012},
    type = {Book},
    publisher = {Important Books}
}

@BOOK{ BBWL,
    author = { Lode, Clemens },
    title = { Better Books with LaTeX },
    keywords = { recommendedEN },
    isbn = { 978-3-945586-46-4  },
    publisher = { Clemens Lode Verlag e.K. },
    year = { 2018 },
    type = { Book }
}

@COMMENT Chapter 1 Sources

@article{shusterman2018robust,
    title={Robust website fingerprinting through the cache occupancy channel},
    author={Shusterman, Anatoly and Kang, Lachlan and Haskal, Yarden and Meltser, Yosef and Mittal, Prateek and Oren, Yossi and Yarom, Yuval},
    journal={arXiv preprint arXiv:1811.07153},
    year={2018}
}

@misc{ATM_bruteforce_block,
    title={ATM Card Blocked After Certain Numbers Of Wrong PIN},
    url={\url{https://www.isrgrajan.com/atm-card-blocked-after-certain-numbers-of-wrong-pin-attempts.html}}
}

@inproceedings{kocher1996timing,
    title={Timing attacks on implementations of Diffie-Hellman, RSA, DSS, and other systems},
    author={Kocher, Paul C},
    booktitle={Annual International Cryptology Conference},
    pages={104--113},
    year={1996},
    organization={Springer}
}

@article{kaliski2006mathematics,
    title={The Mathematics of the RSA Public-Key Cryptosystem},
    author={Kaliski, Burt},
    journal={RSA Laboratories},
    year={2006}
}

@article{lampson1973note,
  title={A note on the confinement problem},
  author={Lampson, Butler W},
  journal={Communications of the ACM},
  volume={16},
  number={10},
  pages={613--615},
  year={1973},
  publisher={ACM New York, NY, USA}
}

@COMMENT Chapter 1 Sources END

@article{Percival2009,
    author = {Percival, Colin},
    year = {2005},
    pages = {},
    title = {Cache missing for fun and profit},
    journal = {BSDCan 2005}
}

@book{warren2013hacker,
    title={Hacker's delight},
    author={Warren, Henry S},
    year={2013},
    publisher={Pearson Education}
}

@inproceedings{dhem1998practical,
    title={A practical implementation of the timing attack},
    author={Dhem, Jean-Francois and Koeune, Francois and Leroux, Philippe-Alexandre and Mestr{\'e}, Patrick and Quisquater, Jean-Jacques and Willems, Jean-Louis},
    booktitle={International Conference on Smart Card Research and Advanced Applications},
    pages={167--182},
    year={1998},
    organization={Springer}
}

@misc{wikittest,
    author = {Wikipedia},
    title = {Student's t-test},
    year = 2019,
    url = {https://en.wikipedia.org/wiki/Student\%27s_t-test},
    urldate = {2019-07-14}
}

@misc{wikigosset,
    author = {Wikipedia},
    title = {William Sealy Gosset},
    year = 2019,
    url = {https://en.wikipedia.org/wiki/William_Sealy_Gosset},
    urldate = {2019-07-14}
}

@inproceedings{witteman2011defeating,
    title={Defeating RSA multiply-always and message blinding countermeasures},
    author={Witteman, Marc F and van Woudenberg, Jasper GJ and Menarini, Federico},
    booktitle={Cryptographers’ Track at the RSA Conference},
    pages={77--88},
    year={2011},
    organization={Springer}
}

@COMMENT Chapter 9 Sources END

@misc{IntMan,
    howpublished = "http://www.righto.com/2013/09/intel-x86-documentation-has-more-pages.html",
    author = "K. Shirriff",
    title = "Ken Shirriff's blog",
}

@article {benchmark2010,
    author  = "Gabriele Paoloni",
    title   = "How to Benchmark Code Execution Times on Intel® IA-32 and IA-64 Instruction Set Architectures",
    journal = "White Paper",
    year    = "2010"
}

@inproceedings{Gullasch:2011:CGB:2006077.2006784,
    author = {Gullasch, David and Bangerter, Endre and Krenn, Stephan},
    title = {Cache Games -- Bringing Access-Based Cache Attacks on AES to Practice},
    booktitle = {Proceedings of the 2011 IEEE Symposium on Security and Privacy},
    series = {SP '11},
    year = {2011},
    isbn = {978-0-7695-4402-1},
    pages = {490--505},
    numpages = {16},
    url = {https://doi.org/10.1109/SP.2011.22},
    doi = {10.1109/SP.2011.22},
    acmid = {2006784},
    publisher = {IEEE Computer Society},
    address = {Washington, DC, USA},
    keywords = {AES, side channel, access-based cache attacks},
}

@inproceedings{Osvik:2006:CAC:2117739.2117741,
    author = {Osvik, Dag Arne and Shamir, Adi and Tromer, Eran},
    title = {Cache Attacks and Countermeasures: The Case of AES},
    booktitle = {Proceedings of the 2006 The Cryptographers' Track at the RSA Conference on Topics in Cryptology},
    series = {CT-RSA'06},
    year = {2006},
    isbn = {3-540-31033-9, 978-3-540-31033-4},
    location = {San Jose, CA},
    pages = {1--20},
    numpages = {20},
    url = {http://dx.doi.org/10.1007/11605805_1},
    doi = {10.1007/11605805_1},
    acmid = {2117741},
    publisher = {Springer-Verlag},
    address = {Berlin, Heidelberg},
    keywords = {AES, cache, cryptanalysis, memory access, side-channel attack},
}

@article{Yarom2014,
    author = {Yarom, Falkner},
    year = {2014},
    pages = {},
    title = {FLUSH+RELOAD: a high resolution, low noise, L3 cache side-channel attack},
    journal = {23rd {USENIX} Security Symposium}
}

@inproceedings{Liu:2015:LCS:2867539.2867673,
    author = {Liu, Fangfei and Yarom, Yuval and Ge, Qian and Heiser, Gernot and Lee, Ruby B.},
    title = {Last-Level Cache Side-Channel Attacks Are Practical},
    booktitle = {Proceedings of the 2015 IEEE Symposium on Security and Privacy},
    series = {SP '15},
    year = {2015},
    isbn = {978-1-4673-6949-7},
    pages = {605--622},
    numpages = {18},
    url = {https://doi.org/10.1109/SP.2015.43},
    doi = {10.1109/SP.2015.43},
    acmid = {2867673},
    publisher = {IEEE Computer Society},
    address = {Washington, DC, USA},
    keywords = {side-channel attack, cross-VM side channel, covert channel, last-level cache, ElGamal},
}

@inproceedings{EURECOM+4671,
  author    = {Cl{\'{e}}mentine Maurice and
               Nicolas Le Scouarnec and
               Christoph Neumann and
               Olivier Heen and
               Aur{\'{e}}lien Francillon},
  title     = {Reverse Engineering Intel Last-Level Cache Complex Addressing Using
               Performance Counters},
  booktitle = {Research in Attacks, Intrusions, and Defenses - 18th International
               Symposium, {RAID} 2015, Kyoto, Japan, November 2-4, 2015, Proceedings},
  pages     = {48--65},
  year      = {2015},
  crossref  = {DBLP:conf/raid/2015},
  url       = {https://doi.org/10.1007/978-3-319-26362-5\_3},
  doi       = {10.1007/978-3-319-26362-5\_3},
  timestamp = {Tue, 14 May 2019 10:00:53 +0200},
  biburl    = {https://dblp.org/rec/bib/conf/raid/MauriceSNHF15},
  bibsource = {dblp computer science bibliography, https://dblp.org}
}
@proceedings{DBLP:conf/raid/2015,
  editor    = {Herbert Bos and
               Fabian Monrose and
               Gregory Blanc},
  title     = {Research in Attacks, Intrusions, and Defenses - 18th International
               Symposium, {RAID} 2015, Kyoto, Japan, November 2-4, 2015, Proceedings},
  series    = {Lecture Notes in Computer Science},
  volume    = {9404},
  publisher = {Springer},
  year      = {2015},
  url       = {https://doi.org/10.1007/978-3-319-26362-5},
  doi       = {10.1007/978-3-319-26362-5},
  isbn      = {978-3-319-26361-8},
  timestamp = {Tue, 14 May 2019 10:00:53 +0200},
  biburl    = {https://dblp.org/rec/bib/conf/raid/2015},
  bibsource = {dblp computer science bibliography, https://dblp.org}
}

@COMMENT Chapter 1-Introduction Sources

@misc{cryptoMix,
howpublished = "\url{http://www.navy-radio.com/crypto.htm}",
title = "US Navy Crypto Equipment - 1950's-60's",
}

@misc{NSAsecret,
howpublished = "\url{https://www.wired.com/2008/04/nsa-releases-se/}",
author = "Ryan Singel",
title = "DECLASSIFIED NSA DOCUMENT REVEALS THE SECRET HISTORY OF TEMPEST",
}

@misc{memcmp,
howpublished = "\url{https://linux.die.net/man/3/memcmp}",
title = "memcmp(3) - Linux man page",
}

@inproceedings{garcia2008dismantling,
  title={Dismantling MIFARE classic},
  author={Garcia, Flavio D and de Koning Gans, Gerhard and Muijrers, Ruben and Van Rossum, Peter and Verdult, Roel and Schreur, Ronny Wichers and Jacobs, Bart},
  booktitle={European symposium on research in computer security},
  pages={97--114},
  year={2008},
  organization={Springer}
}

@article{courtois2008algebraic,
  title={Algebraic Attacks on the Crypto-1 Stream Cipher in MiFare Classic and Oyster Cards.},
  author={Courtois, Nicolas and Nohl, Karsten and O'Neil, Sean},
  journal={IACR Cryptology ePrint Archive},
  volume={2008},
  pages={166},
  year={2008}
}

@misc{relayAttack,
howpublished = "\url{https://hackernoon.com/signal-amplification-relay-attack-sara-609ce6c20d4f}",
title = "Signal Amplification Relay Attack (SARA)",
}

@misc{fpga,
howpublished = "\url{https://www.xilinx.com/products/silicon-devices/fpga/what-is-an-fpga.html}",
title = "What is an FPGA?",
}

@inproceedings{moradi2011vulnerability,
  title={On the vulnerability of FPGA bitstream encryption against power analysis attacks: extracting keys from xilinx Virtex-II FPGAs},
  author={Moradi, Amir and Barenghi, Alessandro and Kasper, Timo and Paar, Christof},
  booktitle={Proceedings of the 18th ACM conference on Computer and communications security},
  pages={111--124},
  year={2011},
  organization={ACM}
}

@misc{cia,
howpublished = "\url{https://developer.mozilla.org/en-US/docs/Web/Security/Information_Security_Basics/Confidentiality,_Integrity,_and_Availability}",
title = "Confidentiality, Integrity, and Availability",
}

@inproceedings{lin2005efficient,
  title={An efficient solution to the millionaires’ problem based on homomorphic encryption},
  author={Lin, Hsiao-Ying and Tzeng, Wen-Guey},
  booktitle={International Conference on Applied Cryptography and Network Security},
  pages={456--466},
  year={2005},
  organization={Springer}
}


@inproceedings{nassi2019drones,
  title={Drones' Cryptanalysis-Smashing Cryptography with a Flicker},
  author={Nassi, Ben and Ben-Netanel, Raz and Shamir, Adi and Elovici, Yuval},
  booktitle={2019 IEEE Symposium on Security and Privacy (SP)},
  pages={1397--1414},
  year={2019},
  organization={IEEE}
}




@COMMENT Chapter 6 sources
@misc{hamming,
    publisher = "Wikipedia",
    title =     "Hamming weight",
    howpublished = "\url{https://en.wikipedia.org/wiki/Hamming_weight}"
}
@misc{wikiComputerMemoryHierarchy,
  author = {Wikipedia},
  title = {Memory Hierarchy},
  year = 2020,
  url = {https://en.wikipedia.org/wiki/Memory_hierarchy},
  urldate = {2019-06-10}
}
@COMMENT Chapter 6 sources end

@COMMENT Chapter 7 sources


@COMMENT Chapter 7 sources end

@COMMENT Chapter 8 Sources

@misc{kocher1998introduction,
  title={Introduction to differential power analysis and related attacks},
  author={Kocher, Paul and Jaffe, Joshua and Jun, Benjamin and others},
  year={1998}
}

@inproceedings{kocher1999differential,
  title={Differential power analysis},
  author={Kocher, Paul and Jaffe, Joshua and Jun, Benjamin},
  booktitle={Annual International Cryptology Conference},
  pages={388--397},
  year={1999},
  organization={Springer}
}

@article{coron1962statistics,
  title={Statistics and Secret Leakage, Financial Cryptography},
  author={Coron, Jean-S{\'e}bastien and Kocher, Paul C and Naccache, David},
  journal={Lecture Notes in Computer Science},
  volume={1962},
  pages={20--24}
}

@inproceedings{mayer2000smartly,
  title={Smartly analyzing the simplicity and the power of simple power analysis on smartcards},
  author={Mayer-Sommer, Rita},
  booktitle={International Workshop on Cryptographic Hardware and Embedded Systems},
  pages={78--92},
  year={2000},
  organization={Springer}
}
@book{oswald2003side,
  title={On side-channel attacks and the application of algorithmic countermeasures},
  author={Oswald, Elisabeth},
  year={2003},
  publisher={na}
}
@inproceedings{brier2004correlation,
  title={Correlation power analysis with a leakage model},
  author={Brier, Eric and Clavier, Christophe and Olivier, Francis},
  booktitle={International workshop on cryptographic hardware and embedded systems},
  pages={16--29},
  year={2004},
  organization={Springer}
}

@article{anderson1998serpent,
  title={Serpent: A proposal for the advanced encryption standard},
  author={Anderson, Ross and Biham, Eli and Knudsen, Lars},
  journal={NIST AES Proposal},
  volume={174},
  pages={1--23},
  year={1998}
}

@misc{AESDescription,
  title = {{AES} AES Description},
  howpublished = {\url{https://www.comparitech.com/blog/information-security/what-is-aes-encryption/}},
}

@misc{FaultAttack,
  title = {{FaultAttack} FaultAttack Description},
  howpublished = {\url{https://link.springer.com/referenceworkentry/10.1007%2F978-1-4419-5906-5_505}},
}

@inproceedings{mangard2005successfully,
  title={Successfully attacking masked AES hardware implementations},
  author={Mangard, Stefan and Pramstaller, Norbert and Oswald, Elisabeth},
  booktitle={International Workshop on Cryptographic Hardware and Embedded Systems},
  pages={157--171},
  year={2005},
  organization={Springer}
}

@inproceedings{mangard2004hardware,
  title={Hardware countermeasures against DPA--a statistical analysis of their effectiveness},
  author={Mangard, Stefan},
  booktitle={Cryptographers’ Track at the RSA Conference},
  pages={222--235},
  year={2004},
  organization={Springer}
}

@inproceedings{herbst2006aes,
  title={An AES smart card implementation resistant to power analysis attacks},
  author={Herbst, Christoph and Oswald, Elisabeth and Mangard, Stefan},
  booktitle={International conference on applied cryptography and network security},
  pages={239--253},
  year={2006},
  organization={Springer}
}

@inproceedings{batina2019csi,
  title={CSI NN: Reverse Engineering of Neural Network Architectures Through Electromagnetic Side Channel},
  author={Batina, Lejla and Bhasin, Shivam and Jap, Dirmanto and Picek, Stjepan},
  booktitle={28th USENIX Security Symposium (USENIX Security 19)},
  pages={515--532},
  year={2019}
}

@article{papernot2016transferability,
  title={Transferability in machine learning: from phenomena to black-box attacks using adversarial samples},
  author={Papernot, Nicolas and McDaniel, Patrick and Goodfellow, Ian},
  journal={arXiv preprint arXiv:1605.07277},
  year={2016}
}


@COMMENT Chapter 8 Sources END
@misc{TemplateAttack,
  title = {{TemplateAttack} TemplateAttack Description},
  howpublished = {\url{https://wiki.newae.com/Template_Attacks}},
}


@misc{WS2,
  title = {{WS2Dataset} DS2 Dataset},
  howpublished = {\url{https://catalog.data.gov/dataset/ws2}},
}


@misc{SideChannel,
  title = {{SideChannel} SideChannelAttack},
  howpublished = {\url{https://en.wikipedia.org/wiki/Side-channel_attack}},
}

@article{rivest1978method,
  title={A method for obtaining digital signatures and public-key cryptosystems},
  author={Rivest, Ronald L and Shamir, Adi and Adleman, Leonard},
  journal={Communications of the ACM},
  volume={21},
  number={2},
  pages={120--126},
  year={1978},
  publisher={ACM New York, NY, USA}
}


@misc{TimingAttack,
  title = {{TimingAttack} TimingAttack},
  howpublished = {\url{https://en.wikipedia.org/wiki/Timing_attack}},
}

@misc{Montgomery,
  title = {{MontgomeryModularMultiplication} MontgomeryModularMultiplication},
  howpublished = {\url{https://en.wikipedia.org/wiki/Montgomery_modular_multiplication}},
}

@misc{PearsonCorrelationCoefficient,
howpublished = "\url{https://en.wikipedia.org/wiki/Pearson_correlation_coefficient}"
}

@misc{GitClementine,
    howpublished = "\url{https://github.com/clementine-m/cache_template_attacks}",
    author = "C. Maurice",
    title = "Cache template attacks",
}

@article{Gruss2015,
    author = {Gruss, Spreitzer, Mangard},
    year = {2015},
    pages = {},
    title = {Cache template attacks: Automating attacks on inclusive last-level caches},
    journal = {24th {USENIX} Security Symposium}
}

@misc{GitGruss,
    howpublished = "\url{https://github.com/IAIK/cache_template_attacks}",
    author = "D. Gruss",
    title = "Cache template attacks",
}

@CONFERENCE {nohl2008,
    author    = "K. Nohl et al.",
    title     = "Reverse-Engineering a Cryptographic RFID Tag",
    booktitle = "17th USENIX Security Symposium",
    year      = "2008",
    volume    = "17",
    publisher = "USENIX",
    note      = "Online; \url{https://www.usenix.org/legacy/events/sec08/tech/full_papers/nohl/nohl.pdf}"
}

@MISC {appel,
    author       = "Govindavajhala, S. \& Appel, A.",
    title        = "Using  MemoryErrors to Attack a Virtual Machine",
    howpublished = "Princeton University",
    note         = "Online; \url{https://www.cs.princeton.edu/~appel/papers/memerr.pdf}"
}
@MISC {chdk,
    author       = "CHDK Wiki.",
    title        = "Obtaining a firmware dump",
    howpublished = "CHDK Wiki.",
    note         = "Online; \url{https://chdk.fandom.com/wiki/Obtaining_a_firmware_dump#Q._How_can_I_get_a_firmware_dump.3F}"
}
@MISC {canon,
    author       = "HackingHood.",
    title        = "Canon SD300 camera analysis",
    howpublished = "HackingHood.",
    note         = "Online; \url{https://sites.google.com/site/hackinghood2/home}"
}
@MISC {boneh,
    author       = "D. Boneh et al.",
    title        = "On the Importance of Eliminating Errors in Cryptographic Computations",
    howpublished = "Dept. of Computer Science, Stanford University",
    note         = "Online; \url{https://link.springer.com/content/pdf/10.1007/s001450010016.pdf}"
}
@MISC {lenstra,
    author       = "M. Joye et al.",
    title        = "Chinese Remaindering Based Cryptosystems in the Presence of Faults",
    howpublished = "UCL Crypto Group, Dep. de Mathematique, Universite de Louvain",
    note         = "Online; \url{http://citeseerx.ist.psu.edu/viewdoc/download?doi=10.1.1.55.5491\&rep=rep1\&type=pdf}"
}
@MISC {schmidt,
    author       = "Schmidt J.M. \& Hutter M.",
    title        = "Optical and EM Fault-Attacks on CRT-based RSA: Concrete Results",
    howpublished = "Institute for Applied Information Processing and Communciations, Graz University of Technology",
    note         = "Online; \url{https://online.tugraz.at/tug_online/voe_main2.getvolltext?pCurrPk=32877}"
}
@MISC {rowhammer,
    author       = "Y. Kim et al.",
    title        = "Flipping Bits in Memory Without Accessing Them: An Experimental Study of DRAM Disturbance Errors",
    howpublished = "Intel Labs, Carnegie Mellon University",
    note         = "Online; \url{https://users.ece.cmu.edu/~yoonguk/papers/kim-isca14.pdf}"
}
@MISC {ffs,
    author       = "K. Razavi et al.",
    title        = "Flip Feng Shui: Hammering a Needle in the Software Stack",
    howpublished = "Vrije Universiteit Amsterdam",
    note         = "Online; \url{https://www.cs.vu.nl/~herbertb/download/papers/flip-feng-shui_bheu16.pdf}"
}
@MISC {throwhammer,
    author       = "Andrei Tatar and Radhesh Krishnan Konoth and Elias Athanasopoulos and Cristiano Giuffrida and Herbert Bos and Kaveh Razavi",
    title        = "Throwhammer: Rowhammer Attacks over the Network and Defenses",
    howpublished = "Vrije Universiteit Amsterdam",
    note         = "Online; \url{https://download.vusec.net/papers/throwhammer_atc18.pdf}"
}
@MISC {chapter9-overview,
    title        = "Fault attacks chapter overview",
    note         = "\url{https://youtu.be/fFhuwdA7I80}"
}
@MISC {eccploit,
    author       = "L. Cojocar et al.",
    title        = "Exploiting Correcting Codes: On the Effectiveness of ECC Memory Against Rowhammer Attacks",
    howpublished = "Vrije Universiteit Amsterdam",
    note         = "Online; \url{https://cs.vu.nl/~lcr220/ecc/ecc-rh-paper-sp2019-cr.pdf}"
}
@MISC {rambleed_paper,
    author       = "Kwong, Andrew and Genkin, Daniel and Gruss, Daniel and Yarom, Yuval",
    title        = "RAMBleed: Reading Bits in Memory Without Accessing Them",
    howpublished = "41st IEEE Symposium on Security and Privacy",
    note         = "Online; \url{https://rambleed.com/}"
}

@inproceedings{qiu2019voltjockey,
  title={Voltjockey: Breaching trustzone by software-controlled voltage manipulation over multi-core frequencies},
  author={Qiu, Pengfei and Wang, Dongsheng and Lyu, Yongqiang and Qu, Gang},
  booktitle={Proceedings of the 2019 ACM SIGSAC Conference on Computer and Communications Security},
  pages={195--209},
  year={2019}
}

@inproceedings{tang2017clkscrew,
  title={$\{$CLKSCREW$\}$: exposing the perils of security-oblivious energy management},
  author={Tang, Adrian and Sethumadhavan, Simha and Stolfo, Salvatore},
  booktitle={26th $\{$USENIX$\}$ Security Symposium ($\{$USENIX$\}$ Security 17)},
  pages={1057--1074},
  year={2017}
}

@inproceedings{murdock2020plundervolt,
  title={Plundervolt: Software-based fault injection attacks against Intel SGX},
  author={Murdock, Kit and Oswald, David and Garcia, Flavio D and Van Bulck, Jo and Gruss, Daniel and Piessens, Frank},
  booktitle={2020 IEEE Symposium on Security and Privacy (SP)},
  year={2020}
}

@COMMENT Chapter 9 Sources END

@COMMENT Chapter 10 Sources
@article{foot1967problem,
  title={The problem of abortion and the doctrine of double effect},
  author={Foot, Philippa},
  year={1967}
}

@MISC {CVE-2017-0144,
    title       = {{CVE}-2017-0144.},
    howpublished= "Available from MITRE, {CVE-ID} {CVE}-2017-0144.",
    note        = "Online; \url{https://cve.mitre.org/cgi-bin/cvename.cgi?name=CVE-2017-0144}"
}

@MISC {CVD,
    title       = "Coordinated Vulnerability Disclosure",
    note        = "Online; \url{https://query.prod.cms.rt.microsoft.com/cms/api/am/binary/RW5Alv}"
}

@misc{googleDisclosure,
    howpublished = "\url{https://www.google.com/about/appsecurity/}",
    author = "Google",
    title = "How Google handles security vulnerabilities",
}

@article{mokhov2010use,
  title={The use of machine learning with signal-and NLP processing of source code to fingerprint, detect, and classify vulnerabilities and weaknesses with MARFCAT},
  author={Mokhov, Serguei A},
  journal={arXiv preprint arXiv:1010.2511},
  year={2010}
}

@inproceedings{edkrantz2015predicting,
  title={Predicting vulnerability exploits in the wild},
  author={Edkrantz, Michel and Truv{\'e}, Staffan and Said, Alan},
  booktitle={2015 IEEE 2nd International Conference on Cyber Security and Cloud Computing},
  pages={513--514},
  year={2015},
  organization={IEEE}
}

@COMMENT Chapter 10 Sources END

@COMMENT Chapter 2 Research Highlights 
@article{brumley2005remote,
  title={Remote timing attacks are practical},
  author={Brumley, David and Boneh, Dan},
  journal={Computer Networks},
  volume={48},
  number={5},
  pages={701--716},
  year={2005},
  publisher={Elsevier}
}

@inproceedings{song2001timing,
  title={Timing analysis of keystrokes and timing attacks on ssh.},
  author={Song, Dawn Xiaodong and Wagner, David A and Tian, Xuqing},
  booktitle={USENIX Security Symposium},
  volume={2001},
  year={2001}
}

@inproceedings{hund2013practical,
  title={Practical timing side channel attacks against kernel space ASLR},
  author={Hund, Ralf and Willems, Carsten and Holz, Thorsten},
  booktitle={2013 IEEE Symposium on Security and Privacy},
  pages={191--205},
  year={2013},
  organization={IEEE}
}

@inproceedings{kotcher2013cross,
  title={Cross-origin pixel stealing: timing attacks using CSS filters},
  author={Kotcher, Robert and Pei, Yutong and Jumde, Pranjal and Jackson, Collin},
  booktitle={Proceedings of the 2013 ACM SIGSAC conference on Computer \& communications security},
  pages={1055--1062},
  year={2013}
}

@misc{requestAnimationFrame,
    howpublished = "\url{https://developer.mozilla.org/en-US/docs/Web/API/window/requestAnimationFrame}",
    author = "Mozilla",
    title = "Window.requestAnimationFrame()",
}

@article{stone2013pixel,
  title={Pixel perfect timing attacks with HTML5},
  author={Stone, Paul},
  journal={Context Information Security (White Paper)},
  year={2013}
}

@inproceedings{andrysco2015subnormal,
  title={On subnormal floating point and abnormal timing},
  author={Andrysco, Marc and Kohlbrenner, David and Mowery, Keaton and Jhala, Ranjit and Lerner, Sorin and Shacham, Hovav},
  booktitle={2015 IEEE Symposium on Security and Privacy},
  pages={623--639},
  year={2015},
  organization={IEEE}
}

@COMMENT Chapter 4 Sources

@article{gupta1980georg,
  title={Georg Simon Ohm and Ohm's Law},
  author={Gupta, Madhu Sudan},
  journal={IEEE Transactions on Education},
  volume={23},
  number={3},
  pages={156--162},
  year={1980},
  publisher={IEEE}
}

@inproceedings{mangard2002simple,
  title={A simple power-analysis (SPA) attack on implementations of the AES key expansion},
  author={Mangard, Stefan},
  booktitle={International Conference on Information Security and Cryptology},
  pages={343--358},
  year={2002},
  organization={Springer}
}

@article{shan2017machine,
  title={Machine learning based side-channel-attack countermeasure with hamming-distance redistribution and its application on advanced encryption standard},
  author={Shan, Weiwei and Zhang, Shuai and He, Yukun},
  journal={Electronics Letters},
  volume={53},
  number={14},
  pages={926--928},
  year={2017},
  publisher={IET}
}

@inproceedings{luo2015side,
  title={Side-channel power analysis of a GPU AES implementation},
  author={Luo, Chao and Fei, Yunsi and Luo, Pei and Mukherjee, Saoni and Kaeli, David},
  booktitle={2015 33rd IEEE International Conference on Computer Design (ICCD)},
  pages={281--288},
  year={2015},
  organization={IEEE}
}

@article{tabansky2012cybercrime,
  title={Cybercrime: A national security issue?},
  author={Tabansky, Lior},
  journal={Military Strategic Affairs},
  volume={4},
  number={3},
  pages={117--136},
  year={2012}
}

@article{bonnefon2016social,
  title={The social dilemma of autonomous vehicles},
  author={Bonnefon, Jean-Fran{\c{c}}ois and Shariff, Azim and Rahwan, Iyad},
  journal={Science},
  volume={352},
  number={6293},
  pages={1573--1576},
  year={2016},
  publisher={American Association for the Advancement of Science}
}

@COMMENT Chapter 4 Sources END


@COMMENT Chapter 5 Sources START


@misc{cryptoeprint:2019:358,
    author = {Leo Weissbart and Stjepan Picek and Lejla Batina},
    title = {One trace is all it takes: Machine Learning-based Side-channel Attack on EdDSA},
    howpublished = {Cryptology ePrint Archive, Report 2019/358},
    year = {2019},
    note = {\url{https://eprint.iacr.org/2019/358}},
}

@article{Bernstein2012,
  doi = {10.1007/s13389-012-0027-1},
  url = {https://doi.org/10.1007/s13389-012-0027-1},
  year = {2012},
  month = aug,
  publisher = {Springer Science and Business Media {LLC}},
  volume = {2},
  number = {2},
  pages = {77--89},
  author = {Daniel J. Bernstein and Niels Duif and Tanja Lange and Peter Schwabe and Bo-Yin Yang},
  title = {High-speed high-security signatures},
  journal = {Journal of Cryptographic Engineering}
}


@COMMENT Chapter 5 Sources END
